<marc:collection xmlns:marc="http://www.loc.gov/MARC21/slim" xmlns:xsi="http://www.w3.org/2001/XMLSchema-instance" xsi:schemaLocation="http://www.loc.gov/MARC21/slim http://www.loc.gov/standards/marcxml/schema/MARC21slim.xsd">
    <marc:record type="Bibliographic">
        <marc:leader>01651cem a2200361Ia 4500</marc:leader>
        <marc:controlfield tag="001">6786542</marc:controlfield>
        <marc:controlfield tag="005">20111205080433.0</marc:controlfield>
        <marc:controlfield tag="007">aj canzn</marc:controlfield>
        <marc:controlfield tag="008">880817t19171885dcubek    a  f  0   eng d</marc:controlfield>
        <marc:datafield tag="040" ind1=" " ind2=" ">
            <marc:subfield code="a">NjP</marc:subfield>
            <marc:subfield code="c">NjP</marc:subfield>
        </marc:datafield>
        <marc:datafield tag="034" ind1="1" ind2=" ">
            <marc:subfield code="a">a</marc:subfield>
            <marc:subfield code="b">757000</marc:subfield>
            <marc:subfield code="d">W0761000</marc:subfield>
            <marc:subfield code="e">W0690000</marc:subfield>
            <marc:subfield code="f">N0424000</marc:subfield>
            <marc:subfield code="g">N0350000</marc:subfield>
        </marc:datafield>
        <marc:datafield tag="043" ind1=" " ind2=" ">
            <marc:subfield code="a">n-us---</marc:subfield>
        </marc:datafield>
        <marc:datafield tag="110" ind1="1" ind2=" ">
            <marc:subfield code="a">United States.</marc:subfield>
            <marc:subfield code="b">Hydrographic Office.</marc:subfield>
        </marc:datafield>
        <marc:datafield tag="245" ind1="1" ind2="0">
            <marc:subfield code="a">Atlantic Coast of the United States, Boston to Cape Hatteras</marc:subfield>
            <marc:subfield code="h">[map] /</marc:subfield>
            <marc:subfield code="c">compiled from the latest United States Coast Surveys.</marc:subfield>
        </marc:datafield>
        <marc:datafield tag="246" ind1="3" ind2="0">
            <marc:subfield code="a">Boston to Cape Hatteras</marc:subfield>
        </marc:datafield>
        <marc:datafield tag="250" ind1=" " ind2=" ">
            <marc:subfield code="a">125th ed.</marc:subfield>
        </marc:datafield>
        <marc:datafield tag="255" ind1=" " ind2=" ">
            <marc:subfield code="a">Scale [ca. 1:757,000]</marc:subfield>
            <marc:subfield code="c">(W 76⁰10ʹ--W 69⁰00ʹ/N 42⁰40ʹ--N 35⁰00ʹ).</marc:subfield>
        </marc:datafield>
        <marc:datafield tag="260" ind1=" " ind2=" ">
            <marc:subfield code="a">Washington, D.C. :</marc:subfield>
            <marc:subfield code="b">The Office,</marc:subfield>
            <marc:subfield code="c">1885 [i.e. 1917]</marc:subfield>
        </marc:datafield>
        <marc:datafield tag="300" ind1=" " ind2=" ">
            <marc:subfield code="a">1 map :</marc:subfield>
            <marc:subfield code="b">col. ;</marc:subfield>
            <marc:subfield code="c">112 x 81 cm.</marc:subfield>
        </marc:datafield>
        <marc:datafield tag="500" ind1=" " ind2=" ">
            <marc:subfield code="a">Depths shown by soundings (in fathoms), isolines, and shading.</marc:subfield>
        </marc:datafield>
        <marc:datafield tag="500" ind1=" " ind2=" ">
            <marc:subfield code="a">At head of title: North America.</marc:subfield>
        </marc:datafield>
        <marc:datafield tag="500" ind1=" " ind2=" ">
            <marc:subfield code="a">"No. 942."</marc:subfield>
        </marc:datafield>
        <marc:datafield tag="500" ind1=" " ind2=" ">
            <marc:subfield code="a">"Washington, D.C., published Oct., 1885 at the Hydrographic Office, under the authority of the Secretary of the Navy. Extensive corrections Feb., 1910; Jan., 1917."</marc:subfield>
        </marc:datafield>
        <marc:datafield tag="500" ind1=" " ind2=" ">
            <marc:subfield code="a">"Small corrections from Notices to Mariners: '17-6, 13, 19 and from other sources: III '17."</marc:subfield>
        </marc:datafield>
        <marc:datafield tag="650" ind1=" " ind2="0">
            <marc:subfield code="a">Coasts</marc:subfield>
            <marc:subfield code="z">Atlantic States</marc:subfield>
            <marc:subfield code="v">Maps.</marc:subfield>
        </marc:datafield>
        <marc:datafield tag="651" ind1=" " ind2="0">
            <marc:subfield code="a">Atlantic Coast (U.S.)</marc:subfield>
            <marc:subfield code="v">Maps.</marc:subfield>
        </marc:datafield>
        <marc:datafield tag="655" ind1=" " ind2="7">
            <marc:subfield code="a">Maps</marc:subfield>
            <marc:subfield code="z">Atlantic States</marc:subfield>
            <marc:subfield code="y">1917.</marc:subfield>
            <marc:subfield code="2">aat</marc:subfield>
        </marc:datafield>
        <marc:datafield tag="655" ind1=" " ind2="7">
            <marc:subfield code="a">Nautical charts</marc:subfield>
            <marc:subfield code="z">Atlantic Coast (U.S.)</marc:subfield>
            <marc:subfield code="y">1917.</marc:subfield>
            <marc:subfield code="2">aat</marc:subfield>
        </marc:datafield>
        <marc:datafield tag="710" ind1="2" ind2=" ">
            <marc:subfield code="a">U.S. Coast and Geodetic Survey.</marc:subfield>
        </marc:datafield>
        <marc:datafield tag="830" ind1=" " ind2="0">
            <marc:subfield code="a">Chart (United States. Hydrographic Office) ;</marc:subfield>
            <marc:subfield code="v">942.</marc:subfield>
        </marc:datafield>
        <marc:datafield tag="856" ind1="4" ind2="1">
            <marc:subfield code="z">See the map</marc:subfield>
            <marc:subfield code="u">http://gisserver.princeton.edu/map/26471</marc:subfield>
        </marc:datafield>
        <marc:datafield tag="904" ind1=" " ind2=" ">
            <marc:subfield code="a">gls</marc:subfield>
            <marc:subfield code="b">g</marc:subfield>
            <marc:subfield code="h">n</marc:subfield>
            <marc:subfield code="c">p</marc:subfield>
            <marc:subfield code="e">20110831</marc:subfield>
        </marc:datafield>
        <marc:datafield tag="902" ind1=" " ind2=" ">
            <marc:subfield code="a">gls</marc:subfield>
            <marc:subfield code="b">o</marc:subfield>
            <marc:subfield code="6">e</marc:subfield>
            <marc:subfield code="7">m</marc:subfield>
            <marc:subfield code="d">v</marc:subfield>
            <marc:subfield code="f">1</marc:subfield>
            <marc:subfield code="e">20110906</marc:subfield>
        </marc:datafield>
    </marc:record>
    <marc:record type="Holdings">
        <marc:leader>00172nx  a22000851  4500</marc:leader>
        <marc:controlfield tag="001">6712499</marc:controlfield>
        <marc:controlfield tag="004">6786542</marc:controlfield>
        <marc:controlfield tag="005">20110831134455.0</marc:controlfield>
        <marc:controlfield tag="008">1108314u    8   1001uu   0901128</marc:controlfield>
        <marc:datafield tag="852" ind1="0" ind2=" ">
            <marc:subfield code="b">map</marc:subfield>
            <marc:subfield code="h">HMC01.1103</marc:subfield>
        </marc:datafield>
    </marc:record>
    <marc:record type="Holdings">
        <marc:leader>00182nx  a22000854  4500</marc:leader>
        <marc:controlfield tag="001">7321846</marc:controlfield>
        <marc:controlfield tag="004">6786542</marc:controlfield>
        <marc:controlfield tag="005">20130514085748.0</marc:controlfield>
        <marc:controlfield tag="008">1305144u    8   1001uu   0901128</marc:controlfield>
        <marc:datafield tag="852" ind1="8" ind2=" ">
            <marc:subfield code="b">elf1</marc:subfield>
            <marc:subfield code="h">Electronic Resource</marc:subfield>
        </marc:datafield>
    </marc:record>
</marc:collection>
